@article{moriya1960anisotropic,
	title={Anisotropic superexchange interaction and weak ferromagnetism},
	author={Moriya, T{\^o}ru},
	journal={Physical review},
	volume={120},
	number={1},
	pages={91},
	year={1960},
	publisher={APS}
}