@techreport{vonNeumann1945edvac,
  author = "John von Neumann",
  title = "First Draft of a Report on the {EDVAC}",
  institution = "Moore School of Electrical Engineering, University of Pennsylvania",
  year = "1945",
  month = "6",
  day = "30",
  type = "Technical Report"
}

@misc{MacBookPro2023,
  author = "{Wikipedia}",
  title = {MacBook Pro},
  howpublished = "\url{https://en.wikipedia.org/wiki/MacBook_Pro}",
  note = {Accessed: 2024-3-13}
}

@misc{Sonic84002020Image,
  author = "Sonic8400",
  title = "Title of the Image",
  year = "2020",
  howpublished = "\url{https://commons.wikimedia.org/w/index.php?curid=99665121}",
  note = "License: CC BY-SA 4.0. Accessed: 2024-3-13"
}

@misc{AppleM12023,
  author = "{Wikipedia}",
  title = {Apple M1},
  howpublished = {\url{https://en.wikipedia.org/w/index.php?title=Apple_M1&section=24}},
  note = {Accessed: 2024-3-13}
}

@misc{GSMArenaAppleM1,
  author = "{GSMArena}",
  title = "The Apple M1 is the first ARM-based chipset for Macs with the fastest CPU cores and top iGPU",
  howpublished = "\url{https://www.gsmarena.com/the_apple_m1_is_the_first_armbased_chipset_for_macs_with_the_fastest_cpu_cores_and_top_igpu-news-46222.php}",
  note = "Accessed: 2024-3-13"
}

@article{Siriwardhane2020ComputerArchitecture,
  author    = {Pawara Siriwardhane},
  title     = {Computer Architecture Models},
  journal   = {Medium},
  publisher = {LinkIT},
  year      = {2020},
  month     = {Dec},
  day       = {5},
  url       = {https://medium.com/linkit-intecs/computer-architecture-models-d163cfefd9c5},
  note      = {Accessed: 2024-3-13}
}

@misc{HarvardArchitecture,
  author = "{Wikipedia}",
  title = {Harvard architecture},
  howpublished = {\url{https://en.wikipedia.org/wiki/Harvard_architecture}},
  note = {Accessed: 2024-3-13}
}

@article{Pawson2022MythHarvard,
  author    = {Richard Pawson},
  title     = {The Myth of the Harvard Architecture},
  journal   = {IEEE Annals of the History of Computing},
  volume    = {44},
  number    = {3},
  pages     = {59--69},
  year      = {2022},
  doi       = {10.1109/MAHC.2022.3175612},
  S2CID     = {252018052},
  url       = {https://ieeexplore.ieee.org/document/9779481},
  note      = {Accessed: 2024-3-13}
}
